
@thesis{intro1,
  author = {López Garzón, Catalina and Rozo Barrera, Fabio},
  title = {Narrativa transmedia para ayudar a los adultos mayores a adquirir habilidades tecnológicas},
  type = {Bachelor's thesis},
  year = {2023},
}

@article{intro2,
  author       = {Palacios-Rodríguez, Antonio and Rodríguez, José María Romero and Gómez, Gerardo},
  title        = {CAPÍTULO 2 AISLAMIENTO SOCIAL Y USO DE LAS TIC EN PERSONAS MAYORES EN ÉPOCA DE PANDEMIA. COVID 19. REVISIÓN SISTEMÁTICA},
  journaltitle = {Desafíos de investigación educativa durante la pandemia},
}

@article{intro3,
  author       = {Azevedo, Margarida and Lemos, Joao Lemos},
  title        = {Ancianos activos, días divertidos. Diseño de juegos para personas mayores},
  journaltitle = {Zincografía},
  pages        = {124-138},
  year         = {2022},
}

@article{intro4,
  author       = {Bunbury Bustillo, Eva and Osuna-Acedo, Sara and Pérez Calle, Ricardo},
  journaltitle = {Las competencias digitales en personas mayores: de amenaza a oportunidad},
  number       = {No. ART-2022-131993},
  year         = {2022},
}

@article{ArruebarrenaCabaco2020,
  author       = {Arruebarrena, Aitor Vicente and Cabaco, Antonio Sánchez},
  title        = {La soledad y el aislamiento social en las personas mayores},
  journaltitle = {Studia Zamorensia},
  number       = {19},
  pages        = {15-32},
  year         = {2020},
}

@article{juegosSerios,
  author       = {Ferrer, José Ramón Calvo},
  title        = {Juegos, videojuegos y juegos serios: Análisis de los factores que favorecen la diversión del jugador},
  journaltitle = {Miguel Hernández Communication Journal},
  number       = {9},
  pages        = {191-226},
  year         = {2018}
}

@article{juegosSerios2,
  author       = {Regalón, José Antonio Leyva and Céspedes, Irisleydis Mayol},
  title        = {Los juegos serios en el entrenamiento y la rehabilitación cognitiva},
  journaltitle = {Revista Cubana de Informática Médica},
  volume       = {11},
  number       = {2},
  pages        = {140-157},
  year         = {2019}
}

@article{juegosSerios3,
  author       = {Marcano, Beatriz},
  title        = {Juegos serios y entrenamiento en la sociedad digital},
  journaltitle = {Education in the knowledge society (EKS)},
  volume       = {9},
  number       = {3},
  pages        = {93-107},
  year         = {2008}
}

@article{ICTestudios,
  author       = {Vanova, Martina and Irazoki, Eider and García-Casal, José Antonio and Botella, Cristina},
  title        = {The effectiveness of ICT-based neurocognitive and psychosocial rehabilitation programmes in people with mild dementia and mild cognitive impairment using GRADIOR and ehcoBUTLER: study protocol for a randomised controlled trial},
  journaltitle = {Trials},
  number       = {19},
  pages        = {100},
  year         = {2018},
}

@article{WorthPlay2012,
  author       = {Blat, Jose and Lluis Arcos, Josep LLuis and Sayago, Sergio},
  title        = {WorthPlay: Juegos digitales para un envejecimiento activo y saludable},
  journaltitle = {Revista Lychnos},
  volume       = {8},
  pages        = {16},
  year         = {2012}
}

@article{asistentesConv,
  author       = {Hernández, Pablo Ramires and Cruz, David Valle},
  title        = {Los asistentes virtuales basados en Inteligencia Artificial},
  journaltitle = {ReCIBE, Revista electrónica de Computación, Informática, Biomédica y Electrónica},
  volume       = {11},
  number       = {2},
  pages        = {C1-11},
  year         = {2023}
}

@online{celia-app,
  author       = {{El Confidencial}},
  title        = {Celia, la 'app' gallega que charla con mayores y detecta el Alzheimer},
  year         = {2024},
  url          = {https://www.elconfidencial.com/espana/galicia/2024-01-08/celia-app-gallega-charla-mayores-detecta-alzheimer_3805293/},
  urldate      = {2024-02-11}
}

@thesis{tfgAlexa1,
  author       = {Menéndez Román, Sandra},
  title        = {Creación de una skill de Alexa para la mejora de la inhibición de respuesta},
  type = {Bachelor's thesis},
  year = {2023},
}

@thesis{tfgAlexa2,
  author       = {García Piñeiro, Fabián},
  title        = {Skill de Alexa para monitorización de personas mayores},
  type = {Bachelor's thesis},
  year = {2022},
}

@thesis{tfgAlexa3,
  author       = {Castillo Moreno, Daniel},
  title        = {Implementación de juegos basados en Alexa orientados a la detección del deterioro cognitivo},
  type = {Bachelor's thesis},
  year = {2022},
}

@online{juegosMem1,
  author       = {Cuidalian},
  title        = {Juegos de memoria para personas mayores},
  url          = {https://cuidalian.com/blog/juegos-memoria-personas-mayores/},
  urldate      = {2024-02-19}
}

@online{juegosMem2,
  author       = {{El Confidencial}},
  title        = {Apps y juegos para la mente: Ejercitar memoria en personas mayores},
  url          = {https://cuideo.com/blog/apps-juegos-ejercitar-memoria-personas-mayores/},
  urldate      = {2024-02-19}
}

@online{juegos-mesa,
  author       = {{Teleasistencia Vital}},
  title        = {Los 10 mejores juegos de mesa para personas mayores},
  url          = {https://teleasistenciavital.com/blog/10-juegos-mesa-personas-mayores/},
  urldate      = {2024-02-19}
}

@article{metodologiaAgil,
  author       = {Duarte, Ailin Orjuela and Rojas, Mauricio},
  title        = {Las metodologías de desarrollo ágil como una oportunidad para la ingeniería del software educativo},
  journaltitle = {Revista Avances en Sistemas e Informática},
  volume       = {5},
  number       = {2},
  pages        = {159-171},
  year         = {2008}
}

@online{aplDocs,
	author       = {{Amazon Developers}},
	title        = {APL Document},
	url          = {https://developer.amazon.com/en-US/docs/alexa/alexa-presentation-language/apl-document.html},
	urldate      = {2024-02-29}
}

@article{diseño2017,
	author       = {Mendoza, Gustavo Adolfo Angulo and Sauvé, Louise and Plante, Patrick},
	title        = {Adultos mayores y juegos educativos digitales. ¿Qué consideraciones de diseño favorecen su uso?},
	journaltitle = {Edutec, Revista Electrónica de Tecnología Educativa},
	number       = {62},
	pages        = {104-116},
	year         = {2017},
}

@online{arquitecturaSkill,
	author       = {Stafford, Gary},
	title        = {Building Asynchronous, Serverless Alexa Skills with AWS Lambda, DynamoDB, S3, and Node.js},
	year         = {2018},
	url          = {https://programmaticponderings.com/2018/07/24/building-asynchronous-serverless-alexa-skills-with-aws-lambda-dynamodb-s3-and-node-js/},
	urldate      = {2024-07-08}
}

@article{experienciaOca,
	author       = {Ortín, Nuria Ureña and Villanueva, Fernando Ureña and López, Francisco Alarcón},
	title        = {Una propuesta de evaluación para las habilidades motrices básicas en Educación Primaria a través de un juego popular: la oca},
	journaltitle = {Retos. Nuevas tendencias en Educación Física, Deporte y Recreación},
	number       = {14},
	pages        = {35-42},
	year         = {2008},
}

@article{introHU,
	author       = {Menzinsky, Alexander and López, Gertrudis and Palacio, Juan and Sobrino, Miguel Ángel and Álvarez, Rubén and Rivas, Verónica},
	title        = {Historias de usuario},
	journaltitle = {Ingeniería de requisitos ágil},
	year         = {2018},
}


